@Comment{jabref-meta: databaseType:bibtex;}
@article{Alam2018,
  author  = {Alam, Tanweer},
  journal = {International Journal of Scientific Research in Computer Science, Engineering and Information Technology},
  url     = {https://www.researchgate.net/publication/325645304_A_Reliable_Communication_Framework_and_Its_Use_in_Internet_of_Things_IoT},
  title   = {A Reliable Communication Framework and Its Use in Internet of Things (IoT)},
  year    = {2018},
  month   = {05},
  volume  = {3}
}

@online{Michael2019,
  author       = {Michael, Melissa},
  title        = {Attack Landscape H1 2019: IoT, SMB traffic abound},
  year         = {2019},
  month        = {09},
  day          = {12},
  url          = {https://blog.f-secure.com/attack-landscape-h1-2019-iot-smb-traffic-abound/},
  organization = {F-Secure},
  note         = {Accessed: 2023-03-20}
}

@online{Morgan2020,
  author       = {Morgan, Steve},
  title        = {Cybercrime To Cost The World \$10.5 Trillion Annually By 2025},
  year         = {2020},
  month        = {11},
  day          = {13},
  url          = {https://cybersecurityventures.com/cybercrime-damages-6-trillion-by-2021/},
  organization = {Cybersecurity Ventures},
  note         = {Accessed: 2023-05-27}
}

@online{Nuttall2018,
  author       = {Nuttall, Nathan},
  title        = {Top Strategic IoT Trends and Technologies Through 2023},
  year         = {2018},
  month        = {September},
  day          = {18},
  id           = {G00367798},
  url          = {https://www.gartner.com/en/documents/3889895/top-strategic-iot-trends-and-technologies-through-2023},
  organization = {Gartner},
  note         = {Accessed: 2023-05-27}
}

@article{Frustaci2018,
  author  = {Frustaci, M. and Pace, P. and Aloi, G. and Fortino, G.},
  title   = {Evaluating Critical Security Issues of the IoT World: Present and Future Challenges},
  journal = {IEEE Internet of Things Journal},
  year    = {2017},
  month   = {October},
  day     = {27},
  url     = {https://ieeexplore.ieee.org/document/8086136},
  volume  = {5},
  number  = {4},
  pages   = {2483--2495},
  doi     = {10.1109/JIOT.2017.2767291}
}

@techreport{Waterman2016,
  author      = {Waterman, Andrew and Lee, Yunsup and Avizienis, Rimas and Patterson, David A. and AsanoviÄ‡, Krste},
  title       = {The RISC-V Instruction Set Manual Volume II: Privileged Architecture Version 1.9.1},
  institution = {EECS Department, University of California, Berkeley},
  year        = {2016},
  month       = {Nov},
  url         = {http://www2.eecs.berkeley.edu/Pubs/TechRpts/2016/EECS-2016-161.html},
  number      = {UCB/EECS-2016-161}
}


@inproceedings{Patterson2017,
  author    = {Patterson, D. A. and Waterman, A.},
  title     = {The RISC-V Revolution},
  booktitle = {2017 IEEE International Conference on Computer Design (ICCD)},
  year      = {2017},
  pages     = {1-5},
  doi       = {10.1109/ICCD.2017.8357171}
}

@thesisproposal{Giplin2023,
  author  = {Matt Giplin},
  school  = {University of Queensland, ITEE},
  title   = {FPGA packet filter with Ethernet MAC andweb server using a RISC-V softcore processor},
  year    = {2023},
  address = {https://github.com/matty0005/thesis/tree/main/project_proposal},
  month   = apr,
  type    = {Undergraduate Thesis Proposal}
}

@manual{ArtyS7RefManual,
  title        = {Arty S7 Reference Manual},
  organization = {Digilent},
  year         = {2019},
  month        = {October},
  url          = {https://digilent.com/reference/programmable-logic/arty-s7/reference-manual}
}